%%START
@mastersthesis{santos2019dinamica,
	title={Din{\^a}mica e estabilidade da intera{\c{c}}{\~a}o de dois dipolos magn{\'e}ticos},
	author={Santos, Carlos Henrique Moraes},
	school={Universidade de Bras√≠lia},
	year={2019}
}
@article{yung1970analytic,
	title={An analytic solution for the force between two magnetic dipoles},
	author={Yung, Kar W and Landecker, Peter B and Villani, Daniel D},
	journal={Magnetic and electrical Separation},
	volume={9},
	year={1970},
	publisher={Hindawi}
}
@article{ku2016interaction,
	title={Interaction between two magnetic dipoles in a uniform magnetic field},
	author={Ku, JG and Liu, XY and Chen, HH and Deng, RD and Yan, QX},
	journal={AIP Advances},
	volume={6},
	number={2},
	pages={025004},
	year={2016},
	publisher={AIP Publishing LLCAIP Publishing}
}


%%END